<collection xmlns="http://www.loc.gov/MARC21/slim">
   <record>
      <leader>02214cam a2200481 i 45 0</leader>
      <controlfield tag="001">6855874</controlfield>
      <controlfield tag="003">OCoLC</controlfield>
      <controlfield tag="005">20150310112140.0</controlfield>
      <controlfield tag="008">141205s2015    mnua   j b    001 0 eng  </controlfield>
      <datafield ind1=" " ind2=" " tag="010">
         <subfield code="a">  2014043952</subfield>
      </datafield>
      <datafield ind1=" " ind2=" " tag="020">
         <subfield code="a">9781491470947 (hb)</subfield>
      </datafield>
      <datafield ind1=" " ind2=" " tag="020">
         <subfield code="a">1491470941 (hb)</subfield>
      </datafield>
      <datafield ind1=" " ind2=" " tag="020">
         <subfield code="a">9781491471005 (pb)</subfield>
      </datafield>
      <datafield ind1=" " ind2=" " tag="020">
         <subfield code="a">149147100X (pb)</subfield>
      </datafield>
      <datafield ind1=" " ind2=" " tag="020">
         <subfield code="z">9781491471128 (ebook)</subfield>
      </datafield>
      <datafield ind1=" " ind2=" " tag="035">
         <subfield code="a">ocn897946284</subfield>
      </datafield>
      <datafield ind1=" " ind2=" " tag="040">
         <subfield code="a">DLC</subfield>
         <subfield code="b">eng</subfield>
         <subfield code="e">rda</subfield>
         <subfield code="c">DLC</subfield>
         <subfield code="d">OCLCO</subfield>
         <subfield code="d">OCLCF</subfield>
         <subfield code="d">AEVC</subfield>
      </datafield>
      <datafield ind1=" " ind2=" " tag="042">
         <subfield code="a">pcc</subfield>
      </datafield>
      <datafield ind1=" " ind2=" " tag="043">
         <subfield code="a">n-cn---</subfield>
      </datafield>
      <datafield ind1="0" ind2="0" tag="050">
         <subfield code="a">HV8158.7.R69</subfield>
         <subfield code="b">C74 2015</subfield>
      </datafield>
      <datafield ind1="0" ind2="0" tag="082">
         <subfield code="a">363.20971</subfield>
         <subfield code="2">23</subfield>
      </datafield>
      <datafield ind1=" " ind2=" " tag="090">
         <subfield code="a">363.209 CRE CAN</subfield>
         <subfield code="b">ACHCU</subfield>
      </datafield>
      <datafield ind1=" " ind2=" " tag="090">
         <subfield code="a">ER Starter CAN SYM</subfield>
         <subfield code="b">AEVC</subfield>
      </datafield>
      <datafield ind1="1" ind2=" " tag="100">
         <subfield code="a">Crewe, Sabrina.</subfield>
         <subfield code="0">http://id.loc.gov/authorities/names/n96003849</subfield>
         <subfield code="0">http://viaf.org/viaf/269757515</subfield>
      </datafield>
      <datafield ind1="1" ind2="0" tag="245">
         <subfield code="a">Canadian mounties /</subfield>
         <subfield code="c">Sabrina Crewe.</subfield>
      </datafield>
      <datafield ind1=" " ind2="1" tag="264">
         <subfield code="a">North Mankato, Minnesota :</subfield>
         <subfield code="b">Capstone Press,</subfield>
         <subfield code="c">[2015]</subfield>
      </datafield>
      <datafield ind1=" " ind2="4" tag="264">
         <subfield code="c">©2015.</subfield>
      </datafield>
      <datafield ind1=" " ind2=" " tag="300">
         <subfield code="a">24 pages :</subfield>
         <subfield code="b"> colour illustrations ;</subfield>
         <subfield code="c">24 x 28 cm</subfield>
      </datafield>
      <datafield ind1=" " ind2=" " tag="336">
         <subfield code="a">text</subfield>
         <subfield code="2">rdacontent</subfield>
         <subfield code="0">http://id.loc.gov/vocabulary/contentTypes/txt</subfield>
      </datafield>
      <datafield ind1=" " ind2=" " tag="337">
         <subfield code="a">unmediated</subfield>
         <subfield code="2">rdamedia</subfield>
         <subfield code="0">http://id.loc.gov/vocabulary/mediaTypes/n</subfield>
      </datafield>
      <datafield ind1=" " ind2=" " tag="338">
         <subfield code="a">volume</subfield>
         <subfield code="2">rdacarrier</subfield>
         <subfield code="0">http://id.loc.gov/vocabulary/carriers/nc</subfield>
      </datafield>
      <datafield ind1="0" ind2=" " tag="490">
         <subfield code="a">Canadian symbols</subfield>
      </datafield>
      <datafield ind1=" " ind2=" " tag="504">
         <subfield code="a">Includes bibliographical references and index.</subfield>
      </datafield>
      <datafield ind1="0" ind2=" " tag="505">
         <subfield code="a">A symbol for Canada -- Becoming a mountie -- What mounties do -- Mounties in the community -- Glossary -- Read more -- Internet sites -- Index.</subfield>
      </datafield>
      <datafield ind1=" " ind2=" " tag="596">
         <subfield code="a">3 23</subfield>
      </datafield>
      <datafield ind1="2" ind2="0" tag="610">
         <subfield code="a">Royal Canadian Mounted Police</subfield>
         <subfield code="x">History</subfield>
         <subfield code="v">Juvenile literature.</subfield>
         <subfield code="0">http://id.loc.gov/authorities/names/n80152367</subfield>
      </datafield>
      <datafield ind1="2" ind2="0" tag="610">
         <subfield code="a">Royal Canadian Mounted Police.</subfield>
         <subfield code="0">http://id.loc.gov/authorities/names/n80152367</subfield>
      </datafield>
      <datafield ind1=" " ind2="0" tag="650">
         <subfield code="a">Police</subfield>
         <subfield code="z">Canada</subfield>
         <subfield code="x">History</subfield>
         <subfield code="v">Juvenile literature.</subfield>
      </datafield>
      <datafield ind1=" " ind2=" " tag="758">
         <subfield code="0">http://worldcat.org/entity/work/id/4536304</subfield>
      </datafield>
      <datafield ind1="0" ind2=" " tag="787">
         <subfield code="n">OCLC Work Id</subfield>
         <subfield code="o">http://worldcat.org/entity/work/id/4536304</subfield>
      </datafield>
      <datafield ind1=" " ind2=" " tag="830">
         <subfield code="a"> Pebble Plus. </subfield>
         <subfield code="p"> Canadian symbols.</subfield>
         <subfield code="0">http://id.loc.gov/authorities/names/no2008084240</subfield>
      </datafield>
      <datafield ind1=" " ind2=" " tag="926">
         <subfield code="a">ER Starter CAN SYM</subfield>
         <subfield code="w">ASIS</subfield>
         <subfield code="c">1</subfield>
         <subfield code="i">33862001359144</subfield>
         <subfield code="d">3/14/2017</subfield>
         <subfield code="e">2/21/2017</subfield>
         <subfield code="l">EASY_READ</subfield>
         <subfield code="m">NORQ_MAIN</subfield>
         <subfield code="n">5</subfield>
         <subfield code="p">$17.24</subfield>
         <subfield code="r">Y</subfield>
         <subfield code="s">Y</subfield>
         <subfield code="t">BOOK</subfield>
         <subfield code="u">5/5/2015</subfield>
      </datafield>
      <datafield ind1=" " ind2=" " tag="926">
         <subfield code="a">363.209 CRE CAN</subfield>
         <subfield code="w">DEWEY</subfield>
         <subfield code="c">1</subfield>
         <subfield code="i">32860001091346</subfield>
         <subfield code="l">CURRICULUM</subfield>
         <subfield code="m">BURMAN</subfield>
         <subfield code="r">Y</subfield>
         <subfield code="s">Y</subfield>
         <subfield code="t">LOCAL_LOAN</subfield>
         <subfield code="u">5/25/2016</subfield>
      </datafield>
   </record>
</collection>
